<record><leader>00000cas a22000007a 4500</leader><controlfield tag="001">23850186</controlfield><controlfield tag="008">910529d189u1898nyuwr ne      0    0eng d</controlfield><datafield ind1=" " ind2=" " tag="010"><subfield code="a">sn 91066294 </subfield></datafield><datafield ind1=" " ind2=" " tag="040"><subfield code="a">NYS</subfield><subfield code="b">eng</subfield><subfield code="c">NYS</subfield><subfield code="d">OCLCQ</subfield></datafield><datafield ind1=" " ind2=" " tag="042"><subfield code="a">msc</subfield></datafield><datafield ind1="0" ind2="0" tag="245"><subfield code="a">Cortland County Republican and American.</subfield></datafield><datafield ind1="1" ind2="3" tag="246"><subfield code="a">Cortland County Republican</subfield></datafield><datafield ind1=" " ind2=" " tag="260"><subfield code="a">Cortland, N.Y. :</subfield><subfield code="b">Barnum &amp; Bugbee</subfield></datafield><datafield ind1=" " ind2=" " tag="300"><subfield code="a">v. ;</subfield><subfield code="c">57 cm.</subfield></datafield><datafield ind1=" " ind2=" " tag="310"><subfield code="a">Weekly</subfield></datafield><datafield ind1="1" ind2=" " tag="362"><subfield code="a">Ceased in 1898.</subfield></datafield><datafield ind1=" " ind2=" " tag="588"><subfield code="a">Description based on: Vol. 1, no. 18 (Jan. 14, 1898).</subfield></datafield><datafield ind1=" " ind2="4" tag="651"><subfield code="a">Cortland (N.Y.)</subfield><subfield code="v">Newspapers.</subfield></datafield><datafield ind1=" " ind2=" " tag="752"><subfield code="a">United States</subfield><subfield code="b">New York</subfield><subfield code="c">Cortland</subfield><subfield code="d">Cortland.</subfield></datafield><datafield ind1="0" ind2="0" tag="780"><subfield code="t">Cortland County Republican (Cortland, N.Y.)</subfield><subfield code="w">(DLC)sn 91066293</subfield><subfield code="w">(OCoLC)23850210</subfield></datafield><datafield ind1="0" ind2="0" tag="785"><subfield code="t">Cortland Republican (Cortland, N.Y. : 1898)</subfield><subfield code="w">(DLC)sn 91066295</subfield><subfield code="w">(OCoLC)23850117</subfield></datafield><datafield ind1="1" ind2=" " tag="029"><subfield code="a">AU@</subfield><subfield code="b">000025906489</subfield></datafield></record>